@article{Högfeldt16,
title = "Convincing Cloud Rendering",
author = "Rurik Högfeldt",
year = "2016",
}

@article{Kallweit17,
author = {Kallweit, Simon and Müller, Thomas and Mcwilliams, Brian and Gross, Markus and Novák, Jan},
year = {2017},
month = {09},
pages = {},
title = {Deep Scattering: Rendering Atmospheric Clouds with Radiance-Predicting Neural Networks},
volume = {36},
journal = {ACM Transactions on Graphics},
doi = {10.1145/3130800.3130880}
}

@InProceedings{Perlin85,
  author = 	 "Ken Perlin",
  title = 	 "An Image Synthesizer",
  booktitle = 	 "Computer Graphics, Vol. 19, No. 3.",
  pages = 	 "287--296",
  year = 	 "1985",
}

@article {Henyey41,
author = "L. G. Henyey and J. L. Greenstein",
year = "1941",
title = "Diffuse radiation in the Galaxy",
}

@InProceedings{Schneider15,
  author = 	 "Andrew Schneider and Nathan Vos",
  title = 	 "The real-time volumetric cloudscapes of horizon zero dawn",
  booktitle = 	 "SIGGRAPH",
  year = 	 "2015",
}
